@misc{Petersen2008,
  abstract = {Matrix identities, relations and approximations. A desktop reference for quick overview of mathematics of matrices.},
  added-at = {2011-01-17T12:52:58.000+0100},
  author = {Petersen, K. B. and Pedersen, M. S.},
  biburl = {https://www.bibsonomy.org/bibtex/263c840382cc4b1efb8cefe447465b7ac/hkayabilisim},
  file = {:home/hkaya/Projeler/diagnus/Screener/doc/literature/Petersen2008.pdf:PDF},
  interhash = {6368b9b490c0225e22334ea0a0841a33},
  intrahash = {63c840382cc4b1efb8cefe447465b7ac},
  keywords = {matrixderivative inverse Matrixidentity matrixrelations},
  month = oct,
  note = {Version 20081110},
  publisher = {Technical University of Denmark},
  review = {Matrix Cookbook},
  timestamp = {2011-01-17T12:52:58.000+0100},
  title = {The Matrix Cookbook},
  url = {http://www2.imm.dtu.dk/pubdb/p.php?3274},
  year = 2008
}
